@misc{citizenlab-blocklists,
  title={URL testing lists intended for discovering website censorship},
  author={Citizen Lab and Others},
  year={2014},
  url={https://github.com/citizenlab/test-lists},
  note={\href{https://github.com/citizenlab/test-lists}{https://github.com/citizenlab/test-lists}}
}

@InProceedings{Czyz-NDSS2016,
  author    = {Jakub Czyz and Matthew J. Luckie and Mark Allman and Michael Bailey},
  title     = {Don't Forget to Lock the Back Door! {A} Characterization of IPv6 Network Security Policy},
  booktitle = {23rd Annual Network and Distributed System Security Symposium, {NDSS} 2016, San Diego, California, USA, February 21-24, 2016},
  year      = {2016},
  bibsource = {dblp computer science bibliography, https://dblp.org},
  biburl    = {https://dblp.org/rec/bib/conf/ndss/CzyzLAB16},
  crossref  = {DBLP:conf/ndss/2016},
  timestamp = {Tue, 16 Jan 2018 15:42:50 +0100},
  url       = {http://wp.internetsociety.org/ndss/wp-content/uploads/sites/25/2017/09/dont-forget-lock-back-door-characterization-ipv6-network-security-policy.pdf},
}

@Misc{Google-IPv6,
  howpublished = {\url{https://www.google.com/intl/en/ipv6/statistics.html}},
  note         = {Accessed: 2022-01-25},
  title        = {{IPv6 Google Statistics | Google}},
  year         = {2022},
  date         = {2018-07-02},
  file         = {:./references/intl-en-ipv6-statistics.html.html:html},
  organization = {Google},
}

@Misc{Prince-CF2013,
 title = {{Happy IPv6 Day: Usage On the Rise, Attacks Too}},
 date = {2013-06-06},
 note = {Accessed: 2022-01-25},
 file = {:./references/ipv6-day-usage-attacks-rise-.html:html},
 howpublished = {\url{https://blog.cloudflare.com/ipv6-day-usage-attacks-rise/}},
 organization = {CloudFlare},
 author = {Matthew Prince}
}

@Misc{Huston-APNIC2021,
 title = {{IPv6 in 2020}},
 date = {2021-02-08},
 note = {Accessed: 2022-01-25},
 file = {:./references/ipv6-day-usage-attacks-rise-.html:html},
 howpublished = {\url{https://blog.apnic.net/2021/02/08/ipv6-in-2020/}},
 organization = {APNIC},
 author = {Geoff Huston}
}

@InProceedings{Czyz-SIGCOMM2014,
  author    = {Czyz, Jakub and Allman, Mark and Zhang, Jing and Iekel-Johnson, Scott and Osterweil, Eric and Bailey, Michael},
  title     = {Measuring IPv6 Adoption},
  booktitle = {Proceedings of the 2014 ACM Conference on SIGCOMM},
  year      = {2014},
  series    = {SIGCOMM '14},
  pages     = {87--98},
  address   = {New York, NY, USA},
  publisher = {ACM},
  acmid     = {2626295},
  doi       = {10.1145/2619239.2626295},
  isbn      = {978-1-4503-2836-4},
  keywords  = {IP, IPv4, IPv6, dns, internet, measurement},
  location  = {Chicago, Illinois, USA},
  numpages  = {12},
  url       = {http://doi.acm.org/10.1145/2619239.2626295},
}

@inproceedings{Dhamdhere-IMC2012,
 author = {Dhamdhere, Amogh and Luckie, Matthew and Huffaker, Bradley and claffy, kc and Elmokashfi, Ahmed and Aben, Emile},
 title = {{Measuring the Deployment of IPv6: Topology, Routing and Performance}},
 booktitle = {Proceedings of the 2012 Internet Measurement Conference},
 series = {IMC '12},
 year = {2012},
 isbn = {978-1-4503-1705-4},
 location = {Boston, Massachusetts, USA},
 pages = {537--550},
 numpages = {14},
 url = {http://doi.acm.org/10.1145/2398776.2398832},
 doi = {10.1145/2398776.2398832},
 acmid = {2398832},
 publisher = {ACM},
 address = {New York, NY, USA},
 keywords = {IPv6, performance, routing, topology},
}

@InProceedings{Tschantz-SP2016,
  author    = {M. C. {Tschantz} and S. {Afroz} and {Anonymous} and V. {Paxson}},
  title     = {{SoK: Towards Grounding Censorship Circumvention in Empiricism}},
  booktitle = {2016 IEEE Symposium on Security and Privacy (SP)},
  year      = {2016},
  pages     = {914-933},
  month     = {May},
  doi       = {10.1109/SP.2016.59},
  issn      = {2375-1207},
  keywords  = {authorisation;government policies;Internet;government Internet censorship;empiricism;censorship circumvention;SoK;Censorship;Monitoring;Bridges;IP networks;Relays;Grounding;Government;censorship;censorship circumvention;evaluation;and empiricism},
}

@article{abdi2007bonferroni,
  title={Bonferroni and {\v{S}}id{\'a}k corrections for multiple comparisons},
  author={Abdi, Herv{\'e} and others},
  journal={Encyclopedia of measurement and statistics},
  volume={3},
  pages={103--107},
  year={2007},
  publisher={Sage Thousand Oaks, CA}
}

@inproceedings{sundara2020censored,
  title     = {Censored Planet: An Internet-wide, Longitudinal Censorship Observatory},
  author    = {Sundara Raman, Ram and Shenoy, Prerana and Kohls, Katharina and Ensafi, Roya},
  booktitle = {Proceedings of the 2020 ACM SIGSAC Conference on Computer and Communications Security},
  pages     = {49--66},
  year      = {2020}
}

@inproceedings{scott2016satellite,
  title     = {Satellite: Joint analysis of CDNs and network-level interference},
  author    = {Scott, Will and Anderson, Thomas and Kohno, Tadayoshi and Krishnamurthy, Arvind},
  booktitle = {2016 $\{$USENIX$\}$ Annual Technical Conference ($\{$USENIX$\}$$\{$ATC$\}$ 16)},
  pages     = {195--208},
  year      = {2016}
}

@inproceedings{pearce2017global,
  title     = {Global measurement of $\{$DNS$\}$ manipulation},
  author    = {Pearce, Paul and Jones, Ben and Li, Frank and Ensafi, Roya and Feamster, Nick and Weaver, Nick and Paxson, Vern},
  booktitle = {26th $\{$USENIX$\}$ Security Symposium ($\{$USENIX$\}$ Security 17)},
  pages     = {307--323},
  year      = {2017}
}

@inproceedings{pearce2017augur,
  title={Augur: Internet-wide detection of connectivity disruptions},
  author={Pearce, Paul and Ensafi, Roya and Li, Frank and Feamster, Nick and Paxson, Vern},
  booktitle={2017 IEEE Symposium on Security and Privacy (SP)},
  pages={427--443},
  year={2017},
  organization={IEEE}
}

@inproceedings{vandersloot2018quack,
  title     = {Quack: Scalable remote measurement of application-layer censorship},
  author    = {VanderSloot, Benjamin and McDonald, Allison and Scott, Will and Halderman, J Alex and Ensafi, Roya},
  booktitle = {27th $\{$USENIX$\}$ Security Symposium ($\{$USENIX$\}$ Security 18)},
  pages     = {187--202},
  year      = {2018}
}

@inproceedings{niaki2020iclab,
  title        = {ICLab: A Global, Longitudinal Internet Censorship Measurement Platform},
  author       = {Niaki, Arian Akhavan and Cho, Shinyoung and Weinberg, Zachary and Hoang, Nguyen Phong and Razaghpanah, Abbas and Christin, Nicolas and Gill, Phillipa},
  booktitle    = {2020 IEEE Symposium on Security and Privacy (SP)},
  pages        = {135--151},
  year         = {2020},
  organization = {IEEE}
}

@inproceedings{USESEC21:GFWatch,
  author    = {NP. Hoang and AA. Niaki and J. Dalek and J. Knockel and P. Lin and B. Marczak and M. Crete-Nishihata and P. Gill and M. Polychronakis},
  title     = {{How Great is the Great Firewall? Measuring China's DNS Censorship}},
  booktitle = {30th {USENIX} Security Symposium},
  year      = {2021},
  isbn      = {978-1-939133-24-3},
  pages     = {3381--3398},
  url       = {https://www.usenix.org/conference/usenixsecurity21/presentation/hoang},
  publisher = {{USENIX} Association}
}

@inproceedings{Anonymous2020:TripletCensors,
  author    = {Anonymous and Arian Akhavan Niaki and Nguyen Phong Hoang and Phillipa Gill and Amir Houmansadr},
  title     = {Triplet Censors: Demystifying Great Firewall's {DNS} Censorship Behavior},
  booktitle = {{Proceedings of the 10th USENIX Workshop on Free and Open Communications on the Internet}},
  series    = {FOCI '20},
  year      = {2020}
}

@inproceedings{kuhrer2015going,
  title     = {Going wild: Large-scale classification of open DNS resolvers},
  author    = {K{\"u}hrer, Marc and Hupperich, Thomas and Bushart, Jonas and Rossow, Christian and Holz, Thorsten},
  booktitle = {Proceedings of the 2015 Internet Measurement Conference},
  pages     = {355--368},
  year      = {2015}
} 

@article{nebuchadnezzar2012collateral,
  title   = {The collateral damage of internet censorship by dns injection},
  author  = {Nebuchadnezzar, Hovership},
  journal = {ACM SIGCOMM CCR},
  volume  = {42},
  number  = {3},
  pages   = {10--1145},
  year    = {2012}
}

@article{dagon2008corrupted,
  title  = {Corrupted DNS resolution paths: The rise of a malicious resolution authority},
  author = {Dagon, David and Lee, Chris and Lee, Wenke and Provos, Niels},
  year   = {2008}
}

@inproceedings{xu2011internet,
  title        = {Internet censorship in China: Where does the filtering occur?},
  author       = {Xu, Xueyang and Mao, Z Morley and Halderman, J Alex},
  booktitle    = {International Conference on Passive and Active Network Measurement},
  pages        = {133--142},
  year         = {2011},
  organization = {Springer}
}

@misc{global2002great,
  title        = {The great firewall revealed},
  author       = {Global Internet Freedom Consortium and others},
  howpublished = {\url{http://www.internetfreedom.org/files/WhitePaper/ChinaGreatFirewallRevealed.pdf}},
  year         = {2002}
}

@article{RFC1035,
  title        = {{ DOMAIN NAMES - IMPLEMENTATION AND SPECIFICATION }},
  journal      = {Internet Engineering Task Force},
  author       = {Mockapetris, P.},
  year         = {1987},
  howpublished = {\url{https://tools.ietf.org/html/rfc1035}},
  note         = {Accessed: 2022-01-27}
}

@article{RFC3596,
  title        = {{ DNS Extensions to Support IP Version 6 }},
  journal      = {Internet Engineering Task Force},
  author       = {Thomson, S. and Huitema, C. and Ksinant V. and Souissi M.},
  year         = {2003},
  howpublished = {\url{https://tools.ietf.org/html/rfc3596}},
  note         = {Accessed: 2022-01-27}
}

@inproceedings{beznazwy2020china,
  title={How China Detects and Blocks Shadowsocks},
  author={Beznazwy, Jan and Houmansadr, Amir},
  booktitle={Proceedings of the ACM Internet Measurement Conference},
  pages={111--124},
  year={2020}
}

@inproceedings{ramesh2020decentralized,
  title={Decentralized control: A case study of Russia},
  author={Ramesh, Reethika and Raman, Ram Sundara and Bernhard, Matthew and Ongkowijaya, Victor and Evdokimov, Leonid and Edmundson, Anne and Sprecher, Steven and Ikram, Muhammad and Ensafi, Roya},
  booktitle={Network and Distributed Systems Security (NDSS) Symposium 2020},
  year={2020}
}

@inproceedings{filasto2012ooni,
  title={OONI: Open Observatory of Network Interference.},
  author={Filasto, Arturo and Appelbaum, Jacob},
  booktitle={FOCI},
  year={2012}
}

@inproceedings{aryan2013internet,
  title={Internet censorship in Iran: A first look},
  author={Aryan, Simurgh and Aryan, Homa and Halderman, J Alex},
  booktitle={3rd $\{$USENIX$\}$ Workshop on Free and Open Communications on the Internet ($\{$FOCI$\}$ 13)},
  year={2013}
}

@inproceedings{yadav2018light,
  title={Where the light gets in: Analyzing web censorship mechanisms in india},
  author={Yadav, Tarun Kumar and Sinha, Akshat and Gosain, Devashish and Sharma, Piyush Kumar and Chakravarty, Sambuddho},
  booktitle={Proceedings of the Internet Measurement Conference 2018},
  pages={252--264},
  year={2018}
}

@inproceedings{gebhart2017internet,
  title={Internet censorship in Thailand: User practices and potential threats},
  author={Gebhart, Genevieve and Kohno, Tadayoshi},
  booktitle={2017 IEEE European symposium on security and privacy (EuroS\&P)},
  pages={417--432},
  year={2017},
  organization={IEEE}
}

@inproceedings{nabi2013anatomy,
  title={The anatomy of web censorship in Pakistan},
  author={Nabi, Zubair},
  booktitle={3rd $\{$USENIX$\}$ Workshop on Free and Open Communications on the Internet ($\{$FOCI$\}$ 13)},
  year={2013}
}

@inproceedings{shandler2018measuring,
  title={Measuring the Political and Social Implications of Government-Initiated Cyber Shutdowns},
  author={Shandler, Ryan},
  booktitle={8th $\{$USENIX$\}$ Workshop on Free and Open Communications on the Internet ($\{$FOCI$\}$ 18)},
  year={2018}
}

@inproceedings{padmanabhan2021multi,
  title={A multi-perspective view of Internet censorship in Myanmar},
  author={Padmanabhan, Ramakrishna and Filast{\`o}, Arturo and Xynou, Maria and Raman, Ram Sundara and Middleton, Kennedy and Zhang, Mingwei and Madory, Doug and Roberts, Molly and Dainotti, Alberto},
  booktitle={Proceedings of the ACM SIGCOMM 2021 Workshop on Free and Open Communications on the Internet},
  pages={27--36},
  year={2021}
}

@inproceedings{hendriks2017potential,
  title={On the potential of IPv6 open resolvers for DDoS attacks},
  author={Hendriks, Luuk and de Oliveira Schmidt, Ricardo and van Rijswijk-Deij, Roland and Pras, Aiko},
  booktitle={International Conference on Passive and Active Network Measurement},
  pages={17--29},
  year={2017},
  organization={Springer}
}

@INPROCEEDINGS{Durumeric13zmap,
    author = {Zakir Durumeric and Eric Wustrow and J. Alex Halderman},
    title = {ZMap: Fast Internet-wide scanning and its security applications},
    booktitle = {In Proceedings of the 22nd USENIX Security Symposium},
    year = {2013}
}

@article{wander2014measurement,
  title={Measurement of globally visible dns injection},
  author={Wander, Matth{\"a}us and Boelmann, Christopher and Schwittmann, Lorenz and Weis, Torben},
  journal={IEEE Access},
  volume={2},
  pages={526--536},
  year={2014},
  publisher={IEEE}
}

@inproceedings{weinberg2021chinese,
  title={Chinese Wall or Swiss Cheese? Keyword filtering in the Great Firewall of China},
  author={Weinberg, Zachary and Barradas, Diogo and Christin, Nicolas},
  booktitle={Proceedings of the Web Conference 2021},
  pages={472--483},
  year={2021}
}

@inproceedings{clayton2006ignoring,
  title={Ignoring the great firewall of china},
  author={Clayton, Richard and Murdoch, Steven J and Watson, Robert NM},
  booktitle={International Workshop on Privacy Enhancing Technologies},
  pages={20--35},
  year={2006},
  organization={Springer}
}

@article{lowe2007great,
  title={The great DNS wall of China},
  author={Lowe, Graham and Winters, Patrick and Marcus, Michael L},
  journal={MS, New York University},
  volume={21},
  pages={1},
  year={2007}
}

@inproceedings{singh2020india,
  title={How India Censors the Web},
  author={Singh, Kushagra and Grover, Gurshabad and Bansal, Varun},
  booktitle={12th ACM Conference on Web Science},
  pages={21--28},
  year={2020}
}

@inproceedings{Yadav2018a,
  author = {Tarun Kumar Yadav and Akshat Sinha and Devashish Gosain and Piyush Kumar Sharma and Sambuddho Chakravarty},
  title = {Where The Light Gets In: Analyzing Web Censorship Mechanisms in {India}},
  booktitle = {Internet Measurement Conference},
  publisher = {ACM},
  year = {2018},
  url = {http://delivery.acm.org/10.1145/3280000/3278555/p252-Yadav.pdf},
}

@inproceedings{Gosain2017a,
  author = {Devashish Gosain and Anshika Agarwal and Sahil Shekhawat and H. B. Acharya and Sambuddho Chakravarty},
  title = {Mending Wall: On the Implementation of Censorship in {I}ndia},
  booktitle = {SecureComm},
  publisher = {Springer},
  year = {2017},
  url = {https://censorbib.nymity.ch/pdf/Gosain2017a.pdf},
}

@article{KLdivergence,
  title={On information and sufficiency},
  author={Kullback, Solomon and Leibler, Richard A},
  journal={The annals of mathematical statistics},
  volume={22},
  number={1},
  pages={79--86},
  year={1951},
  publisher={JSTOR}
}

@Online {maxmind-connectiondb,
 title = {{GeoIP2 Connection Type Database | MaxMind}},
 date = {2022-01-30},
 file = {:./references/en-geoip2-connection-type-database.html:html},
 howpublished = {\url{https://www.maxmind.com/en/geoip2-connection-type-database}},
 urldate = {2022-01-30}
}

@inproceedings{jones2015ethical,
author = {Jones, Ben and Ensafi, Roya and Feamster, Nick and Paxson, Vern and Weaver, Nick},
title = {Ethical Concerns for Censorship Measurement},
year = {2015},
isbn = {9781450335416},
publisher = {Association for Computing Machinery},
address = {New York, NY, USA},
url = {https://doi.org/10.1145/2793013.2793015},
doi = {10.1145/2793013.2793015},
booktitle = {Proceedings of the 2015 ACM SIGCOMM Workshop on Ethics in Networked Systems Research},
pages = {17–19},
numpages = {3},
location = {London, United Kingdom},
series = {NS Ethics '15}
}

@TECHREPORT{menlo,
  author = {Dittrich, D. and Kenneally, E.},
  title = {The Menlo Report: Ethical Principles Guiding Information and Communication Technology Research},
  institution = {U.S. Department of Homeland Security},
  year = {2012-08},
  keywords = {data sharing    overview    policy}
}

@TECHREPORT{menlo-companion,
  author = {Bailey, M. and Dittrich, D. and Kenneally, E.},
  title = {Applying Ethical Principles to Information and Communication Technology Research},
  institution = {U.S. Department of Homeland Security},
  year = {2013-10},
  keywords = {data sharing    overview    policy}
}

@article{razaghpanah2016exploring,
  title={Exploring the design space of longitudinal censorship measurement platforms},
  author={Razaghpanah, Abbas and Li, Anke and Filasto, Arturo and Nithyanand, Rishab and Ververis, Vasilis and Scott, Will and Gill, Phillipa},
  journal={arXiv preprint arXiv:1606.01979},
  year={2016}
}

@Online{townsend,
 title = {Internet Censorship (Part 2): The Technology of Information Control | Townsend Center for the Humanities},
 date = {2022-02-01},
 file = {:./references/blog-internet-censorship-part-2-technology-information-control.html:html},
 howpublished = {\url
   {https://townsendcenter.berkeley.edu/blog/internet-censorship-part-2-technology-information-control}},
 urldate = {2022-02-01}
}

@inproceedings{murdock2017target,
  title={Target generation for internet-wide IPv6 scanning},
  author={Murdock, Austin and Li, Frank and Bramsen, Paul and Durumeric, Zakir and Paxson, Vern},
  booktitle={Proceedings of the 2017 Internet Measurement Conference},
  pages={242--253},
  year={2017}
}


@article{RFC3056,
  title        = {{ Connection of IPv6 Domains via IPv4 Clouds }},
  journal      = {Internet Engineering Task Force},
  author       = {Carpenter, B. and Moore, K.},
  year         = {2003},
  howpublished = {\url{https://tools.ietf.org/html/rfc3056}},
  note         = {Accessed: 2022-02-01}
}

@misc{mcafee,
  title = {McAfee Customer URL Ticketing System},
  howpublished = {\url{https://www.trustedsource.org/?p=mcafee}},
  note         = {Accessed: 2022-02-01}
}